<?xml version="1.0" encoding="UTF-8"?><collection xmlns="http://www.loc.gov/MARC21/slim"><record><leader>00477nam--2200145-i-4500</leader><controlfield tag="001">000003588</controlfield><controlfield tag="002">20161230</controlfield><controlfield tag="005">20170220005855</controlfield><controlfield tag="008">060222s1000------------r-----000-0-eng-d</controlfield><datafield ind1=" " ind2=" " tag="100"><subfield code="a">Brainerd, F. G</subfield></datafield><datafield ind1=" " ind2=" " tag="245"><subfield code="a">Radiotechnique moderne: technique des ultrahau tes frequences. Traduit de l americain par Guy Esculier ... d apres la vingtieme edition</subfield></datafield><datafield ind1=" " ind2=" " tag="260"><subfield code="a">Paris,</subfield><subfield code="b">Edition Etienne Chiron</subfield></datafield><datafield ind1=" " ind2=" " tag="300"><subfield code="a">3 F. + 614 p</subfield></datafield><datafield ind1=" " ind2=" " tag="700"><subfield code="a">Koehler, Glenn</subfield></datafield><datafield ind1=" " ind2=" " tag="CAT"><subfield code="a">SYS</subfield><subfield code="c">20170220</subfield><subfield code="h">005855</subfield></datafield></record></collection>